@article{Rivest:83:RSA,
 author = {Rivest, R. L. and Shamir, A. and Adleman, L.},
 title = {A method for obtaining digital signatures and public-key cryptosystems},
 journal = {Commun. ACM},
 volume = {26},
 number = {1},
 year = {1983},
 pages = {96--99},
}

@inproceedings{gruss2017kaslr,
  title={Kaslr is dead: long live kaslr},
  author={Gruss, Daniel and Lipp, Moritz and Schwarz, Michael and Fellner, Richard and Maurice, Cl{\'e}mentine and Mangard, Stefan},
  booktitle={International Symposium on Engineering Secure Software and Systems},
  pages={161--176},
  year={2017},
  organization={Springer}
}

@misc{chromeSpectreMeltdown,
    author = {Google LLC},
    title = "{Meltdown/Spectre}",
    howpublished = "\url{https://support.google.com/faqs/answer/7625886}",
    note = {[Online; accessed 7-December-2018]}
  }

@article{canella2018systematic,
  title={A Systematic Evaluation of Transient Execution Attacks and Defenses},
  author={Canella, Claudio and Van Bulck, Jo and Schwarz, Michael and Lipp, Moritz and von Berg, Benjamin and Ortner, Philipp and Piessens, Frank and Evtyushkin, Dmitry and Gruss, Daniel},
  journal={arXiv preprint arXiv:1811.05441},
  year={2018}
}

@misc{retpoline,
    author = {Paul Turner},
    title = "{Retpoline: a software construct for preventing branch-target-injection}",
    howpublished = "\url{https://developers.google.com/web/updates/2018/02/meltdown-spectre#mitigations}",
    note = {[Online; accessed 1-December-2018]},
  }

@inproceedings{osvik2006cache,
  title={Cache attacks and countermeasures: the case of AES},
  author={Osvik, Dag Arne and Shamir, Adi and Tromer, Eran},
  title={Cryptographersâ€™ Track at the RSA Conference},
  pages={1--20},
  year={2006},
  organization={Springer}
}

@misc{intelintrinsics,
  title="{Intel Intrinsics Guide}",
  author={Intel},
  howpublished = "\url{https://software.intel.com/sites/landingpage/IntrinsicsGuide/}",
  note = {[Online; accessed 1-December-2018]},
  year={2018}
}

@inproceedings{gruss2015cache,
  title={Cache Template Attacks: Automating Attacks on Inclusive Last-Level Caches.},
  author={Gruss, Daniel and Spreitzer, Raphael and Mangard, Stefan},
  title={USENIX Security Symposium},
  pages={897--912},
  year={2015}
}

@inproceedings{yarom2014flush,
  title={FLUSH+ RELOAD: A High Resolution, Low Noise, L3 Cache Side-Channel Attack.},
  author={Yarom, Yuval and Falkner, Katrina},
  title={USENIX Security Symposium},
  volume={1},
  pages={22--25},
  year={2014}
}

@inproceedings{Garfinkel:03:VMI,
  author    = {Tal Garfinkel and
               Mendel Rosenblum},
  title     = {A Virtual Machine Introspection Based Architecture for Intrusion
               Detection},
  booktitle = {Network and Distributed System Security Symposium (NDSS)},
  year      = {2003},
}

@inbook{tanenbaum2009modern:39-41,
  title={Modern operating system},
  author={Tanenbaum, Andrew S},
  year={2009},
  publisher={Pearson Education, Inc},
  edition={4},
  pages= "39-41"
}

@inbook{tanenbaum2009modern:24-27,
  title={Modern operating system},
  author={Tanenbaum, Andrew S},
  year={2009},
  publisher={Pearson Education, Inc},
  edition={4},
  pages= "24-27"
}

@inbook{silberschatz2012operating,
  title={Operating system concepts},
  author={Silberschatz, Abraham and Gagne, Greg and Galvin, Peter B},
  year={2012},
  publisher={Wiley},
  edition={9},
  pages= "351-395"
}

@article{kocher2018spectre,
  title={Spectre attacks: Exploiting speculative execution},
  author={Kocher, Paul and Genkin, Daniel and Gruss, Daniel and Haas, Werner and Hamburg, Mike and Lipp, Moritz and Mangard, Stefan and Prescher, Thomas and Schwarz, Michael and Yarom, Yuval},
  journal={arXiv preprint arXiv:1801.01203},
  year={2018}
}

@article{lipp2018meltdown,
  title={Meltdown},
  author={Lipp, Moritz and Schwarz, Michael and Gruss, Daniel and Prescher, Thomas and Haas, Werner and Mangard, Stefan and Kocher, Paul and Genkin, Daniel and Yarom, Yuval and Hamburg, Mike},
  journal={arXiv preprint arXiv:1801.01207},
  year={2018}
}

@inbook{hennessy2011computer:183,
  title={Computer architecture: a quantitative approach},
  author={Hennessy, John L and Patterson, David A},
  year={2011},
  publisher={Elsevier},
  pages= "183"
}

@inbook{hennessy2011computer:105-107,
  title={Computer architecture: a quantitative approach},
  author={Hennessy, John L and Patterson, David A},
  year={2011},
  publisher={Elsevier},
  pages= "105-107"
}

@article{smith1995microarchitecture,
  title={The microarchitecture of superscalar processors},
  author={Smith, James E and Sohi, Gurindar S},
  journal={Proceedings of the IEEE},
  volume={83},
  number={12},
  pages={1609--1624},
  year={1995},
  publisher={IEEE}
}

@inproceedings{hwu1987checkpoint,
  title={Checkpoint repair for out-of-order execution machines},
  author={Hwu, Wen-mei W. and Patt, Yale N},
  booktitle={Proceedings of the 14th annual international symposium on Computer architecture},
  pages={18--26},
  year={1987},
  organization={ACM}
}

@article{tomasulo1967efficient,
  title={An efficient algorithm for exploiting multiple arithmetic units},
  author={Tomasulo, Robert M},
  journal={IBM Journal of research and Development},
  volume={11},
  number={1},
  pages={25--33},
  year={1967},
  publisher={IBM}
}
